@ARTICLE{Pausch1992,
Author={Pausch, R., Crea, T. and Conway, M.},
Year={1992},
Title={A Literature Survey for Virtual Environments: Military Flight Simulator Visual Systems and Simulator Sickness},
Journal={Presence: Teleoperators and Virtual Environments},
Volume={1(3)},
Pages={344-363}
}